@inproceedings{zhang2012matrix,
  title={Matrix completion by Truncated Nuclear Norm Regularization},
  author={Zhang, Debing and Hu, Yao and Ye, Jieping and Li, Xuelong and He, Xiaofei},
  booktitle={Computer Vision and Pattern Recognition (CVPR), 2012 IEEE Conference on},
  pages={2192--2199},
  year={2012},
  organization={IEEE}
}

@article{hu2012fast,
  title={Fast and Accurate Matrix Completion via Truncated Nuclear Norm Regularization},
  author={Hu, Yao and Zhang, Debing and Ye, Jieping and Li, Xuelong and He, Xiaofei},
  year={2012},
  publisher={IEEE}
}

@article{zhou2014low,
  title={Low-Rank Modeling and Its Applications in Image Analysis},
  author={Zhou, Xiaowei and Yang, Can and Zhao, Hongyu and Yu, Weichuan},
  journal={arXiv preprint arXiv:1401.3409},
  year={2014}
}

@incollection{strelow2012general,
  title={General and Nested {Wiberg} Minimization: {L2} and Maximum Likelihood},
  author={Strelow, Dennis},
  booktitle={Computer Vision--ECCV 2012},
  pages={195--207},
  year={2012},
  publisher={Springer}
}

@TechReport{minka00,
title = {Old and New Matrix Algebra Useful for Statistics},
author = {Thomas P. Minka},
institution = {Microsoft Research},
year = 2000}

@article{okatani2006wiberg,
  title={On the {Wiberg} Algorithm for Matrix Factorization in the Presence of Missing Components},
  author={Okatani, Takayuki and Deguchi, Koichiro},
  journal={International Journal of Computer Vision (IJCV)},
  pages={329--337},
  year={2007},
  publisher={Springer}
}

@inproceedings{Wiberg76,
author={Wiberg, T.},
year= 1976,
title = {Computation of principal components when data are missing},
booktitle = {Proceedings of the Second Symposium of Computational Statistics},
pages = {229--326}
}

@inproceedings{okatani2011efficient,
  title={Efficient Algorithm for Low-rank Matrix Factorization with Missing Components and Performance Comparison of Latest Algorithms},
  author={Okatani, Takayuki and Yoshida, Takahiro and Deguchi, Koichiro},
  booktitle={Computer Vision (ICCV), 2011 IEEE International Conference on},
  pages={842--849},
  year={2011},
  organization={IEEE}
}

@inproceedings{cabral2013unifying,
  title={Unifying Nuclear Norm and Bilinear Factorization Approaches for Low-rank Matrix Decomposition},
  author={Cabral, Ricardo and De la Torre, Fernando and Costeira, Jo{\~a}o P and Bernardino, Alexandre},
  booktitle={Internatonal Conference on Computer Vision (ICCV)},
  year={2013}
}

@inproceedings{buchanan2005damped,
  title={Damped {Newton} algorithms for matrix factorization with missing data},
  author={Buchanan, Aeron M and Fitzgibbon, Andrew W},
  booktitle={Computer Vision and Pattern Recognition, CVPR. IEEE Computer Society Conference on},
  volume={2},
  pages={316--322},
  year={2005}
}


@inproceedings{zhang2012matrix,
  title={Matrix completion by truncated nuclear norm regularization},
  author={Zhang, Debing and Hu, Yao and Ye, Jieping and Li, Xuelong and He, Xiaofei},
  booktitle={Computer Vision and Pattern Recognition (CVPR), 2012 IEEE Conference on},
  pages={2192--2199},
  year={2012},
  organization={IEEE}
}

@article{hu2012fast,
  title={Fast and accurate matrix completion via truncated nuclear norm regularization},
  author={Hu, Yao and Zhang, Debing and Ye, Jieping and Li, Xuelong and He, Xiaofei},
  year={2012},
  publisher={IEEE}
}

@article{zhou2014low,
  title={Low-Rank Modeling and Its Applications in Image Analysis},
  author={Zhou, Xiaowei and Yang, Can and Zhao, Hongyu and Yu, Weichuan},
  journal={arXiv preprint arXiv:1401.3409},
  year={2014}
}

@inproceedings{strelow2012generalcvpr,
  title={General and nested {Wiberg} minimization},
  author={Strelow, Dennis},
  booktitle={Computer Vision and Pattern Recognition (CVPR), 2012 IEEE Conference on},
  pages={1584--1591},
  year={2012},
  organization={IEEE}
}

@incollection{strelow2012general,
  title={General and nested wiberg minimization: L 2 and maximum likelihood},
  author={Strelow, Dennis},
  booktitle={Computer Vision--ECCV 2012},
  pages={195--207},
  year={2012},
  publisher={Springer}
}

@TechReport{minka00,
title = {Old and New Matrix Algebra Useful for Statistics},
author = {Thomas P. Minka},
institution = {Microsoft Research},
year = {2000}
}

@inproceedings{okatani2011efficient,
  title={Efficient algorithm for low-rank matrix factorization with missing components and performance comparison of latest algorithms},
  author={Okatani, Takayuki and Yoshida, Takahiro and Deguchi, Koichiro},
  booktitle={Computer Vision (ICCV), 2011 IEEE International Conference on},
  pages={842--849},
  year={2011},
  organization={IEEE}
}

@inproceedings{cabral2013unifying,
  title={Unifying Nuclear Norm and Bilinear Factorization Approaches for Low-rank Matrix Decomposition},
  author={Cabral, Ricardo and De la Torre, Fernando and Costeira, Jo{\~a}o P and Bernardino, Alexandre},
  booktitle={Internatonal Conference on Computer Vision (ICCV)},
  year={2013}
}
